@inproceedings{ramini2013contrasting,
  title={Contrasting wavelength-routed optical NoC topologies for power-efficient 3D-stacked multicore processors using physical-layer analysis},
  author={Ramini, Luca and others},
  booktitle={DATE},
  year={2013}
}
@article{ortin2017contrasting,
  title={Contrasting laser power requirements of wavelength-routed optical NoC topologies subject to the floorplanning, placement, and routing constraints of a 3-D-stacked system},
  author={Ort{\'\i}n-Ob{\'o}n, Marta and others},
  journal={TVLSI},
  volume={25},
  number={7},
  pages={2081--2094},
  year={2017},
  publisher={IEEE}
}
@article{moazeni201740,
  title={A 40-Gb/s PAM-4 Transmitter Based on a Ring-Resonator Optical DAC in 45-nm SOI CMOS},
  author={Moazeni, Sajjad and others},
  journal={JSSC},
  year={2017}
}
@inproceedings{thakkar2017improving,
  title={Improving the Reliability and Energy-Efficiency of High-Bandwidth Photonic NoC Architectures with Multilevel Signaling},
  author={Thakkar, Ishan G and others},
  booktitle={NoCS},
  year={2017}
}
@incollection{xi2013petabit,
  title={A petabit bufferless optical switch for data center networks},
  author={Xi, Kang and others},
  booktitle={Optical interconnects for future data center networks},
  pages={135--154},
  year={2013},
  publisher={Springer}
}
@inproceedings{kannan2015enabling,
  title={Enabling interposer-based disintegration of multi-core processors},
  author={Kannan, Ajaykumar and others},
  booktitle={MICRO},
  year={2015}
}
@inproceedings{nicholes2009world,
  title={The worldâ€™s first InP 8x8 monolithic tunable optical router (MOTOR) operating at 40 Gbps line rate per port},
  author={Nicholes, Steven C and others},
  booktitle={NFOEC},
  pages={PDPB1},
  year={2009},
  organization={Optical Society of America}
}
@inproceedings{macri2015amd,
  title={AMD's next generation GPU and high bandwidth memory architecture: FURY},
  author={Macri, Joe},
  booktitle={HCS},
  pages={1--26},
  year={2015},
  organization={IEEE}
}
@inproceedings{vijayaraghavany2017design,
  title={Design and Analysis of an APU for Exascale Computing},
  author={Vijayaraghavany, Thiruvengadam and others},
  booktitle={HPCA},
  year={2017}
}
@article{tran2014hbm,
  title={HBM: Memory solution for high performance processors},
  author={Tran, Kevin and Ahn, June},
  journal={Proceedings of MemCon},
  year={2014}
}
@inproceedings{daya2014scorpio,
  title={SCORPIO: a 36-core research chip demonstrating snoopy coherence on a scalable mesh NoC with in-network ordering},
  author={Daya, Bhavya K and others},
  booktitle={SIGARCH CAN},
  volume={42},
  number={3},
  pages={25--36},
  year={2014},
  organization={IEEE Press}
}
@article{howard201148,
  title={A 48-core IA-32 processor in 45 nm CMOS using on-die message-passing and DVFS for performance and power scaling},
  author={Howard, Jason and others},
  journal={JSSC},
  volume={46},
  number={1},
  pages={173--183},
  year={2011},
  publisher={IEEE}
}
@inproceedings{park2012approaching,
  title={Approaching the theoretical limits of a mesh NoC with a 16-node chip prototype in 45nm SOI},
  author={Park, Sunghyun and others},
  booktitle={DAC},
  year={2012}
}
@article{sodani2016knights,
  title={Knights landing: Second-generation intel xeon phi product},
  author={Sodani, Avinash and others},
  journal={IEEE micro},
  volume={36},
  number={2},
  pages={34--46},
  year={2016},
  publisher={IEEE}
}
@article{batten2009building,
  title={Building many-core processor-to-DRAM networks with monolithic CMOS silicon photonics},
  author={Batten, Christopher and others},
  journal={IEEE Micro},
  volume={29},
  number={4},
  year={2009},
  publisher={IEEE}
}
@inproceedings{wang2017moca,
  title={MOCA: An inter/intra-chip optical network for memory},
  author={Wang, Zhehui and others},
  booktitle={DAC},
  year={2017}
}
@inproceedings{grani2017design,
  title={Design and Evaluation of AWGR-Based Photonic NoC Architectures for 2.5 D Integrated High Performance Computing Systems},
  author={Grani, Paolo and others},
  booktitle={HPCA},
  year={2017}
}
@inproceedings{demir2014galaxy,
  title={Galaxy: A high-performance energy-efficient multi-chip architecture using photonic interconnects},
  author={Demir, Yigit and others},
  booktitle={SC},
  year={2014}
}
@inproceedings{koka2010silicon,
  title={Silicon-photonic network architectures for scalable, power-efficient multi-chip systems},
  author={Koka, Pranay and others},
  booktitle={SIGARCH CAN},
  year={2010}
}
@book{bergman2014photonic,
  title={Photonic network-on-chip design},
  author={Bergman, Keren and others},
  year={2014},
  publisher={Springer}
}
@inproceedings{demir2015towards,
  title={Towards energy-efficient photonic interconnects},
  author={Demir, Yigit and Hardavellas, Nikos},
  booktitle={Optical Interconnects XV},
  volume={9368},
  pages={93680T},
  year={2015},
  organization={International Society for Optics and Photonics}
}
@inproceedings{werner2017designing,
  title={Designing Low-Power, Low-Latency Networks-on-Chip by Optimally Combining Electrical and Optical Links},
  author={Werner, Sebastian and others},
  booktitle={HPCA},
  year={2017}
}
@article{bahirat2014meteor,
  title={METEOR: Hybrid photonic ring-mesh network-on-chip for multicore architectures},
  author={Bahirat, Shirish and Pasricha, Sudeep},
  journal={TECS},
  year={2014}
}
@inproceedings{pan2009firefly,
  title={Firefly: Illuminating future network-on-chip with nanophotonics},
  author={Pan, Yan and others},
  booktitle={SIGARCH CAN},
  volume={37},
  number={3},
  pages={429--440},
  year={2009},
  organization={ACM}
}
@inproceedings{kurian2010atac,
  title={ATAC: a 1000-core cache-coherent processor with on-chip optical network},
  author={Kurian, George and others},
  booktitle={PACT},
  year={2010}
}
@inproceedings{werner2015amon,
  title={Amon: An advanced mesh-like optical NoC},
  author={Werner, Sebastian and others},
  booktitle={HOTI},
  year={2015}
}
@inproceedings{hamedani2014qut,
  title={Qut: A low-power optical network-on-chip},
  author={Hamedani, Parisa Khadem and others},
  booktitle={NoCS},
  year={2014}
}
@article{werner2017efficient,
  title={Efficient sharing of optical resources in low-power optical networks-on-chip},
  author={Werner, Sebastian and others},
  journal={JOCN},
  volume={9},
  number={5},
  pages={364--374},
  year={2017},
  publisher={IEEE}
}
@article{shacham2008photonic,
  title={Photonic networks-on-chip for future generations of chip multiprocessors},
  author={Shacham, Assaf and others},
  journal={TC},
  volume={57},
  number={9},
  pages={1246--1260},
  year={2008},
  publisher={IEEE}
}
@inproceedings{werner2017subchannel,
  title={Subchannel Scheduling for Shared Optical On-chip Buses},
  author={Werner, Sebastian and others},
  booktitle={HOTI},
  year={2017}
}
@article{li2014luminoc,
  title={LumiNOC: A power-efficient, high-performance, photonic network-on-chip},
  author={Li, Cheng and others},
  journal={TCAD},
  volume={33},
  number={6},
  pages={826--838},
  year={2014},
  publisher={IEEE}
}
@inproceedings{pan2011featherweight,
  title={FeatherWeight: low-cost optical arbitration with QoS support},
  author={Pan, Yan and others},
  booktitle={MICRO},
  year={2011}
}
@inproceedings{zulfiqar2013wavelength,
  title={Wavelength stealing: an opportunistic approach to channel sharing in multi-chip photonic interconnects},
  author={Zulfiqar, Arslan and others},
  booktitle={MICRO},
  year={2013}
}
@article{sun2015single,
  title={Single-chip microprocessor that communicates directly using light},
  author={Sun, Chen and others},
  journal={Nature},
  volume={528},
  number={7583},
  pages={534},
  year={2015},
  publisher={Nature Publishing Group}
}
@inproceedings{demir2016slac,
  title={SLaC: Stage laser control for a flattened butterfly network},
  author={Demir, Yigit and Hardavellas, Nikos},
  booktitle={HPCA},
  pages={321--332},
  year={2016},
  organization={IEEE}
}
@inproceedings{joshi2009silicon,
  title={Silicon-photonic clos networks for global on-chip communication},
  author={Joshi, Ajay and others},
  booktitle={NoCs},
  year={2009}
}
@article{ophir2013silicon,
  title={Silicon photonic microring links for high-bandwidth-density, low-power chip I/O},
  author={Ophir, Noam and others},
  journal={IEEE Micro},
  volume={33},
  number={1},
  pages={54--67},
  year={2013},
  publisher={IEEE}
}
@inproceedings{o2005towards,
  title={Towards reconfigurable optical networks on chip.},
  author={O'Connor, Ian and others},
  booktitle={ReCoSoC},
  pages={121--128},
  year={2005}
}
@misc{nvidiavolta,
author = {NVIDIA},
title = {NVIDIA Tesla V100 GPU Architecture},
howpublished = "\url{http://images.nvidia.com/content/volta-architecture/pdf/volta-architecture-whitepaper.pdf}",
year = {2017},
note = "[Online; accessed 03-14-2018]"
}
@article{binkert2011gem5,
  title={The gem5 simulator},
  author={Binkert, Nathan and others},
  journal={SIGARCH CAN},
  year={2011}
}
@inproceedings{agarwal2009garnet,
  title={GARNET: A detailed on-chip network model inside a full-system simulator},
  author={Agarwal, Niket and others},
  booktitle={ISPASS},
  year={2009}
}
@inproceedings{sun2012dsent,
  title={DSENT-a tool connecting emerging photonics with electronics for opto-electronic networks-on-chip modeling},
  author={Sun, Chen and others},
  booktitle={NoCs},
  year={2012}
}
@inproceedings{loh2015interconnect,
  title={Interconnect-memory challenges for multi-chip, silicon interposer systems},
  author={Loh, Gabriel H and others},
  booktitle={MEMSYS},
  year={2015}
}
@inproceedings{jerger2014noc,
  title={Noc architectures for silicon interposer systems: Why pay for more wires when you can get them (from your interposer) for free?},
  author={Jerger, Natalie Enright and others},
  booktitle={MICRO},
  year={2014}
}
@inproceedings{bienia2008parsec,
  title={The PARSEC benchmark suite: Characterization and architectural implications},
  author={Bienia, Christian and others},
  booktitle={PACT},
  year={2008}
}
@inproceedings{woo1995splash,
  title={The SPLASH-2 programs: Characterization and methodological considerations},
  author={Woo, Steven Cameron and others},
  booktitle={SIGARCH CAN},
  volume={23},
  number={2},
  pages={24--36},
  year={1995},
  organization={ACM}
}
@article{zhan2017parsec3,
  title={PARSEC3. 0: A Multicore Benchmark Suite with Network Stacks and SPLASH-2X},
  author={Zhan, Xusheng and others},
  journal={SIGARCH CAN},
  volume={44},
  number={5},
  pages={1--16},
  year={2017},
  publisher={ACM}
}
@inproceedings{parikh2014power,
  title={Power-aware nocs through routing and topology reconfiguration},
  author={Parikh, Ritesh and others},
  booktitle={DATE},
  year={2014}
}
@article{das2013catnap,
  title={Catnap: Energy proportional multiple network-on-chip},
  author={Das, Reetuparna and others},
  journal={SIGARCH CAN},
  volume={41},
  number={3},
  pages={320--331},
  year={2013},
  publisher={ACM}
}
@article{kamei200364,
  title={64$\times$ 64-channel uniform-loss and cyclic-frequency arrayed-waveguide grating router module},
  author={Kamei, S and others},
  journal={Electronics Letters},
  volume={39},
  number={1},
  pages={83--84},
  year={2003},
  publisher={IET}
}

@article{shang2017low,
  title={Low-Loss Compact Silicon Nitride Arrayed Waveguide Gratings for Photonic Integrated Circuits},
  author={Shang, Kuanping and others},
  journal={IEEE Photonics Journal},
  volume={9},
  number={5},
  pages={1--5},
  year={2017},
  publisher={IEEE}
}
@article{bahadori2016comprehensive,
  title={Comprehensive design space exploration of silicon photonic interconnects},
  author={Bahadori, Meisam and others},
  journal={JLT},
  volume={34},
  number={12},
  pages={2975--2987},
  year={2016},
  publisher={IEEE}
}
@article{bogaerts2011compact,
  title={Compact single-mode silicon hybrid rib/strip waveguide with adiabatic bends},
  author={Bogaerts, Wim and Selvaraja, Shankar Kumar},
  journal={IEEE Photonics Journal},
  volume={3},
  number={3},
  pages={422--432},
  year={2011},
  publisher={IEEE}
}
@inproceedings{georgas2014monolithically,
  title={A monolithically-integrated optical transmitter and receiver in a zero-change 45nm SOI process},
  author={Georgas, Michael and others},
  booktitle={VLSI},
  year={2014}
}
@inproceedings{lee2013we,
  title={Do we need wide flits in networks-on-chip?},
  author={Lee, Junghee and others},
  booktitle={ISVLSI},
  year={2013}
}
@inproceedings{vantrease2008corona,
  title={Corona: System implications of emerging nanophotonic technology},
  author={Vantrease, Dana and others},
  booktitle={ SIGARCH CAN},
  year={2008}
}
@inproceedings{thonnart2014technology,
  title={Technology assessment of silicon interposers for manycore SoCs: Active, passive, or optical?},
  author={Thonnart, Yvain and Zid, Mounir},
  booktitle={NoCS},
  year={2014}
}
@article{su2018interferometric,
  title={Interferometric imaging using Si 3 N 4 photonic integrated circuits for a SPIDER imager},
  author={Su, Tiehuii and others},
  journal={Optics Express},
  volume={26},
  number={10},
  pages={12801--12812},
  year={2018},
  publisher={Optical Society of America}
}
@article{seok2016highly,
  title={Highly scalable digital silicon photonic MEMS switches},
  author={SSeok, Tae Joon and others},
  journal={Journal of Lightwave Technology},
  volume={34},
  number={2},
  pages={365--371},
  year={2016}
}
@inproceedings{boos2013proton,
	title={Proton: An automatic place-and-route tool for optical networks-on-chip},
	author={Boos, Anja and others},
	booktitle={ICCAD'13},
	pages={138--145},
	year={2013},
	organization={IEEE}
}
@inproceedings{grani2017bit,
  title={Grani, Paolo, et al. "Bit-parallel all-to-all and flexible AWGR-based optical interconnects},
  author={Grani, Paolo and others},
  booktitle={Optical Fiber Communication Conference},
  year={2017}
}
@misc{mellanox,
author = {Mellanox},
title = {Mellanox Switch},
howpublished = "\url{ http://www.mellanox.com/page/ethernet_switch_overview}",
year = {2017},
note = "[Online; accessed 02-08-2018]"
 }
 @misc{intelomnipath,
author = {Intel},
title = {Omnipath Switch},
howpublished = "\url{https://www.intel.com/content/www/us/en/products/network-io/high-performance-fabrics/omni-path-edge-switch-100-series.html}",
year = {2017},
note = "[Online; accessed 02-08-2018]"
 }
  @misc{inteldir,
author = {Intel},
title = {Director Switch},
howpublished = "\url{https://www.intel.com/content/www/us/en/products/network-io/high-performance-fabrics/omni-path-director-class-switch-100-series.html 
 }",
year = {2017},
note = "[Online; accessed 02-08-2018]"
 }

  @misc{aim,
author = {AIM Photonics},
howpublished = "\url{http://www.aimphotonics.com/
 }",
year = {2018},
note = "[Online; accessed 02-08-2018]"
 }


  @misc{intelsip,
author = {Intel},
title = {Intel Silicon Photonics 100G CWDM4 QSFP28 Optical Transceiver},
howpublished = "\url{https://www.intel.com/content/www/us/en/architecture-and-technology/silicon-photonics/optical-transceiver-100g-cwdm4-qsfp28-brief.html }",
year = {2017},
note = "[Online; accessed 02-08-2018]"
 }

@article{seok2016large,
  title={Large-scale broadband digital silicon photonic switches with vertical adiabatic couplers},
  author={Seok, Tae Joon and Quack, Niels and Han, Sangyoon and Muller, Richard S and Wu, Ming C},
  journal={Optica},
  volume={3},
  number={1},
  pages={64--70},
  year={2016},
  publisher={Optical Society of America}
}

@article{cheung2014ultra,
  title={Ultra-compact silicon photonic 512$\times$ 512 25 GHz arrayed waveguide grating router},
  author={Cheung, Stanley and Su, Tiehui and Okamoto, Katsunari and Yoo, SJB},
  journal={IEEE Journal of Selected Topics in Quantum Electronics},
  volume={20},
  number={4},
  pages={310--316},
  year={2014},
  publisher={IEEE}
}
@article{li201525,
  title={A 25 Gb/s, 4.4 V-swing, AC-coupled ring modulator-based WDM transmitter with wavelength stabilization in 65 nm CMOS},
  author={Li, Hao and Xuan, Zhe and Titriku, Alex and Li, Cheng and Yu, Kunzhi and Wang, Binhao and Shafik, Ayman and Qi, Nan and Liu, Yang and Ding, Ran and others},
  journal={IEEE Journal of Solid-State Circuits},
  volume={50},
  number={12},
  pages={3145--3159},
  year={2015},
  publisher={IEEE}
}
@article{kachris2012survey,
  title={A survey on optical interconnects for data centers},
  author={Kachris, Christoforos and Tomkos, Ioannis},
  journal={IEEE Communications Surveys \& Tutorials},
  volume={14},
  number={4},
  pages={1021--1036},
  year={2012},
  publisher={IEEE}
}
@inproceedings{li2007quantifying,
  title={Quantifying the cost of context switch},
  author={Li, Chuanpeng and Ding, Chen and Shen, Kai},
  booktitle={Proceedings of the 2007 workshop on Experimental computer science},
  pages={2},
  year={2007},
  organization={ACM}
}
@inproceedings{weaver2013linux,
  title={Linux perf\_event features and overhead},
  author={Weaver, Vincent M},
  booktitle={The 2nd International Workshop on Performance Analysis of Workload Optimized Systems, FastPath},
  volume={13},
  year={2013}
}
@inproceedings{gratz2010realistic,
  title={Realistic workload characterization and analysis for networks-on-chip design},
  author={Gratz, Paul and Keckler, Stephen W},
  booktitle={The 4th workshop on chip multiprocessor memory systems and interconnects (CMP-MSI)},
  pages={1--10},
  year={2010}
}

@article{Farrington2010Helios,
	author = {Farrington, Nathan and Porter, George and Radhakrishnan, Sivasankar and Bazzaz, Hamid Hajabdolali and Subramanya, Vikram and Fainman, Yeshaiahu and Papen, George and Vahdat, Amin},
	title = {Helios: A Hybrid Electrical/Optical Switch Architecture for Modular Data Centers},
	journal = {SIGCOMM Comput. Commun. Rev.},
	issue_date = {October 2010},
	volume = {40},
	number = {4},
	month = aug,
	year = {2010},
	issn = {0146-4833},
	pages = {339--350},
	numpages = {12},
	url = {http://doi.acm.org/10.1145/1851275.1851223},
	doi = {10.1145/1851275.1851223},
	acmid = {1851223},
	publisher = {ACM},
	address = {New York, NY, USA},
	keywords = {data center networks, optical networks}
}
@inproceedings{Wang2010cthrough,
	author = {Wang, Guohui and Andersen, David G. and Kaminsky, Michael and Papagiannaki, Konstantina and Ng, T.S. Eugene and Kozuch, Michael and Ryan, Michael},
	title = {c-Through: Part-time Optics in Data Centers},
	booktitle = {Proceedings of the ACM SIGCOMM 2010 Conference},
	series = {SIGCOMM '10},
	year = {2010},
	isbn = {978-1-4503-0201-2},
	location = {New Delhi, India},
	pages = {327--338},
	numpages = {12},
	url = {http://doi.acm.org/10.1145/1851182.1851222},
	doi = {10.1145/1851182.1851222},
	acmid = {1851222},
	publisher = {ACM},
	address = {New York, NY, USA},
	keywords = {data center networking, hybrid network, optical circuit switching}
}
@inproceedings{Mellette2017RotorNet,
	author = {Mellette, William M. and McGuinness, Rob and Roy, Arjun and Forencich, Alex and Papen, George and Snoeren, Alex C. and Porter, George},
	title = {RotorNet: A Scalable, Low-complexity, Optical Datacenter Network},
	booktitle = {Proceedings of the Conference of the ACM Special Interest Group on Data Communication},
	series = {SIGCOMM '17},
	year = {2017},
	isbn = {978-1-4503-4653-5},
	location = {Los Angeles, CA, USA},
	pages = {267--280},
	numpages = {14},
	url = {http://doi.acm.org/10.1145/3098822.3098838},
	doi = {10.1145/3098822.3098838},
	acmid = {3098838},
	publisher = {ACM},
	address = {New York, NY, USA},
	keywords = {Datacenter, optical switching}
}
@ARTICLE{Chen2014OSA, 
	author={K. Chen and A. Singla and A. Singh and K. Ramachandran and L. Xu and Y. Zhang and X. Wen and Y. Chen}, 
	journal={IEEE/ACM Transactions on Networking}, 
	title={OSA: An Optical Switching Architecture for Data Center Networks With Unprecedented Flexibility}, 
	year={2014}, 
	volume={22}, 
	number={2}, 
	pages={498-511}, 
	keywords={computer centres;optical switches;telephone traffic;OSA;optical switching architecture;data center networks;unprecedented flexibility;traffic characteristics;network technology;DCN;reconfigurable optical devices;dynamic traffic patterns;high bisection bandwidth;Data center networks (DCNs);optical networking technology;switching architecture}, 
	doi={10.1109/TNET.2013.2253120}, 
	ISSN={1063-6692}, 
	month={April}
}
	
@Article{Nikolova2017MMR,
author={D. Nikolova, D. M. Calhoun, Y. Liu, S. Rumley, A. Novack, T. Baehr-Jones, M. Hochberg, and K. Bergman},
title={Modular architecture for fully non-blocking silicon photonic switch fabric},
journal={Microsystems \&Amp; Nanoengineering},
year={2017},
month={Jan},
day={16},
publisher={The Author(s) SN  -},
volume={3},
pages={16071 EP  -},
note={Article},
url={http://dx.doi.org/10.1038/micronano.2016.71}
}
@article{proietti2018experimental,
  title={Experimental Demonstration of a 64-Port Wavelength Routing Thin-CLOS System for Data Center Switching Architectures},
  author={Proietti, R and Xiao, X and Zhang, K and Liu, G and Lu, H and Fotouhi, P and Messig, J and Yoo, SJB},
  journal={Journal of Optical Communications and Networking},
  volume={10},
  number={7},
  pages={B49--B57},
  year={2018},
  publisher={Optical Society of America}
}
@article{perello2013all,
  title={All-optical packet/circuit switching-based data center network for enhanced scalability, latency, and throughput},
  author={Perell{\'o}, Jordi and Spadaro, Salvatore and Ricciardi, Sergio and Careglio, Davide and Peng, Shuping and Nejabati, Reza and Zervas, George and Simeonidou, Dimitra and Predieri, Alessandro and Biancani, Matteo and others},
  journal={IEEE Network},
  volume={27},
  number={6},
  pages={14--22},
  year={2013},
  publisher={IEEE}
}

@Article{Xu2005MR1st,
author={Q. Xu, B. Schmidt, S. Pradhan, and M. Lipson},
title={Micrometre-scale silicon electro-optic modulator},
journal={Nature},
year={2005},
month={May},
day={19},
publisher={Macmillan Magazines Ltd. SN  -},
volume={435},
pages={325 EP  -},
url={http://dx.doi.org/10.1038/nature03569}
}

@ARTICLE{DasMahapatra2014BroadMR,
author={P. DasMahapatra and R. Stabile and A. Rohit and K. A. Williams}, 
journal={IEEE Journal of Selected Topics in Quantum Electronics}, 
title={Optical Crosspoint Matrix Using Broadband Resonant Switches}, 
year={2014}, 
volume={20}, 
number={4}, 
pages={1-10}, 
doi={10.1109/JSTQE.2013.2296746}, 
ISSN={1077-260X}, 
month={July}
}

@article{cao2015hi,
  title={Hi-LION: Hierarchical large-scale interconnection optical network with AWGRs},
  author={Cao, Zheng and Proietti, Roberto and Yoo, SJB},
  journal={Journal of Optical Communications and Networking},
  volume={7},
  number={1},
  pages={A97--A105},
  year={2015},
  publisher={Optical Society of America}
}


@article{cao2015experimental,
  title={Experimental demonstration of flexible bandwidth optical data center core network with all-to-all interconnectivity},
  author={Cao, Zheng and Proietti, Roberto and Clements, Matthew and Yoo, SJ Ben},
  journal={Journal of Lightwave Technology},
  volume={33},
  number={8},
  pages={1578--1585},
  year={2015},
  publisher={IEEE}
}
@article{yin2013lions,
  title={LIONS: An AWGR-based low-latency optical switch for high-performance computing and data centers},
  author={Yin, Yawei and Proietti, Roberto and Ye, Xiaohui and Nitta, Christopher J and Akella, Venkatesh and Yoo, SJB},
  journal={IEEE Journal of Selected Topics in Quantum Electronics},
  volume={19},
  number={2},
  pages={272--280},
  year={2013},
  publisher={Institute of Electrical and Electronics Engineers, Inc., 3 Park Avenue, 17 th Fl New York NY 10016-5997 United States}
}
@article{proietti2013scalable,
  title={Scalable and distributed contention resolution in AWGR-based data center switches using RSOA-based optical mutual exclusion},
  author={Proietti, Roberto and Nitta, Christopher J and Yin, Yawei and Yu, Runxiang and Yoo, SJB and Akella, Venkatesh},
  journal={IEEE Journal of Selected Topics in Quantum Electronics},
  volume={19},
  number={2},
  pages={3600111--3600111},
  year={2013},
  publisher={IEEE}
}

